2712 4774
282 465 341 523 112
426 406 429 412 Ι
476 535 478 548 Ι
678 469 681 476 ’
711 443 897 510 SCHOLtA

209 629 212 640 '
281 633 348 708 (de
378 633 529 706 ratione,
582 632 676 692 dicta
702 624 871 711 factuque
890 627 969 689 Iesu
998 633 1031 688 et
1049 627 1294 705 Apostolorum

282 739 573 802 commemorandi
599 751 657 801 etc.
700 739 775 803 Vid.
794 741 1029 800 Commentntt.
1051 739 1162 802 theoti.
1190 733 1295 797 aRm

282 849 506 926 seumuellero;
549 849 713 912 Fuldnerc
748 848 954 930 etssMaurero
991 846 1088 908 edittu
1106 845 1179 910 'M
1211 845 1251 906 P.
1265 847 1291 907 1.

282 983 312 1044 p.
326 966 397 1028 tet.
413 963 501 1044 sqq.)
518 960 600 1021 hanc
616 959 828 1022 narrationem
840 959 924 1020 inter
936 977 987 1019 esa
999 952 1106 1031 refert,
1127 977 1203 1039 ques
1222 977 1291 1020 non

148 1081 151 1086 '
280 1071 327 1131 nti
346 1089 383 1132 rc
401 1091 474 1132 vera
497 1090 549 1132 res
569 1070 756 1144 acciderint,
785 1069 841 1134 aad
868 1079 935 1130 arte
958 1071 1091 1150 quisdam
1112 1078 1291 1141 exornatas,

281 1181 393 1242 autad
417 1195 538 1244 certum
552 1181 710 1262 quoddam
729 1177 892 1262 consilium
908 1177 1061 1252 delectas,
1082 1175 1200 1238 Lucem
1211 1197 1292 1260 pro·

282 1291 389 1354 tulisse
408 1290 584 1353 arbitretur.
598 1327 639 1345 -υ-
666 1292 797 1375 Krine,
822 1288 907 1372 quod
927 1287 958 1348 h.
971 1286 994 1350 l.
1014 1298 1291 1366 commemoratur,

171 1411 189 1452 ,¹
237 1387 243 1394 ⁸
281 1395 380 1465 fnisse
395 1397 565 1484 fundum,
592 1421 663 1464 mox
682 1385 810 1463 nomine
830 1401 943 1485 χορίου
962 1396 1128 1459 indicetur.

382 1636 410 1690 2.
451 1616 511 1706 Καὶ
522 1621 704 1700 ἐνοσφίσατο
718 1621 800 1694 (soil.
811 1629 911 1704 μέρος,
932 1638 987 1681 seu
1000 1622 1030 1684 rt
1043 1611 1105 1683 oiri
1116 1621 1167 1695 τῆς
1181 1623 1289 1701 νομῆς]
1337 1675 1338 1686 ,

228 1756 230 1766 ’
283 1726 500 1817 Νοσφίξοσθοιν
513 1727 642 1813 proprie
659 1751 832 1812 seperare,
846 1729 1032 1812 improprie,
1053 1741 1087 1791 ut
1098 1725 1158 1794 ut.
1174 1739 1222 1790 est
1237 1732 1292 1790 in·

247 1833 252 1856 ¹
283 1848 474 1917 tervertere,
489 1853 519 1902 et
532 1840 576 1901 ita
588 1827 756 1924 praecipue
769 1839 937 1902 adhibetur
950 1839 988 1900 de
1000 1839 1049 1911 iia,
1069 1837 1124 1920 qui
1137 1837 1289 1900 derebus

284 1950 441 2010 communi
448 1951 586 2034 plurium
599 1951 671 2012 usui
685 1950 973 2033 destinatissliquid
982 1949 1169 2032 subripiunt,
1183 1961 1214 2012 et
1224 1950 1291 2011 sibi

283 2057 453 2123 vindicant.
494 2059 546 2124 Sic
567 2061 651 2144 apud
666 2047 833 2126 Plutarch
852 2063 1059 2140 inlLucutto,
1080 2057 1232 2121 Lucullus
1250 2081 1290 2122 ex

284 2155 402 2251 p'raeda
416 2169 516 2234 πολλοὶ
530 2179 782 2252 νενοσφισμένος,
800 2172 898 2232 muita
914 2177 1142 2236 intervertisse
1159 2169 1289 2234 dicitur.

284 2273 377 2364 Παροὶ
399 2315 428 2328 ·-
444 2281 582 2365 ἔθηκεν)
603 2271 775 2360 Apostotis
796 2283 957 2357 tradidit,
987 2280 1075 2364 quasi
1102 2277 1164 2338 hoc
1184 2289 1290 2340 totum

181 2381 184 2388 ¹
284 2399 367 2448 esset
386 2371 522 2471 {aretium
540 2390 657 2452 venditi
676 2391 761 2474 agri,
784 2390 854 2474 coil.
875 2389 932 2452 Vs.
944 2405 970 2457 8.
986 2406 1013 2460 9.
1054 2389 1207 2461 Fuerunt,
1231 2390 1289 2480 qui

286 2511 472 2570 statuerent,
495 2520 565 2574 eos,
586 2497 641 2582 qui
664 2499 768 2560 omnia
787 2499 870 2558 bona
892 2497 1117 2572 vendidissent,
1138 2509 1169 2560 et
1182 2500 1288 2580 pretia

285 2609 497 2671 communitati
514 2608 760 2670 Christianorum
781 2608 995 2683 tradidissent,
1017 2631 1034 2671 e
1054 2607 1183 2692 publico
1200 2629 1289 2670 aara-

284 2717 334 2780 ric
355 2715 451 2780 fuia'so
473 2719 617 2808 siendum
651 2739 796 2804 magnam
821 2719 926 2802 itaque
953 2715 1094 2781 fraudem
1122 2718 1287 2781 admisisse

285 2827 435 2889 Ananiam
456 2823 609 2889 diminuta
627 2829 723 2910 pretii
738 2829 891 2890 numerati
909 2848 1044 2906 summe,
1065 2850 1126 2912 qua
1140 2829 1288 2915 indigen·

285 2937 337 3005 tiis
354 2933 610 2999 Christianorum·
630 2937 854 3000 consulendum
874 2938 956 3014 erat3
978 2950 1038 3002 nec
1057 2939 1084 3002 si
1102 2939 1207 3023 piures
1223 2936 1286 3022 hoc

285 3048 461 3129 etamplum
482 3050 580 3110 secuti
598 3046 748 3124 fuissent,
781 3070 832 3112 res
853 3046 1104 3113 Christianorum
1129 3049 1184 3112 diu
1212 3069 1287 3111 cou-

285 3141 394 3219 sistere
416 3158 565 3240 potuisse.
606 3157 727 3222 Verum
756 3160 796 3220 de
824 3159 882 3222 hac
904 3181 946 3222 re,
960 3161 1041 3223 corti
1059 3158 1137 3221 nihil
1159 3155 1294 3220 definiri·

284 3279 403 3348 potest3
437 3289 497 3331 nec
519 3268 601 3344 h.l.,
621 3281 706 3332 reete
729 3255 927 3332 monentibus
946 3270 1101 3352 interpp„
1132 3269 1286 3329 Ananiam

284 3389 410 3459 praeter
428 3398 539 3464 ugrum
561 3381 648 3442 illum
676 3380 775 3442 nullas
802 3381 946 3444 habuisse
972 3380 1187 3463 possessiones
1205 3378 1286 3462 legi·

285 3499 346 3550 tur.
384 3487 515 3550 Plurimi
534 3491 780 3579 [nuncnune
797 3491 932 3552 Ananias
953 3491 1166 3553 consentiente
1186 3508 1283 3550 uxore

285 3593 418 3673 fecerat,
439 3605 607 3685 sacrilegii
621 3601 748 3663 nomine
762 3602 952 3686 insigniunt,
974 3613 1126 3683 quatenus
1138 3599 1284 3683 pecunia,

287 3710 445 3770 communi
464 3711 536 3772 usui
555 3711 711 3780 societatis
733 3728 837 3780 sacrae
859 3711 1026 3785 destinate,
1052 3731 1103 3773 res
1124 3731 1210 3773 sacra
1230 3711 1285 3770 ha·

196 3819 197 3824 ’
286 3817 389 3880 heuda
406 3834 480 3884 erat‘
492 3835 523 3884 et
543 3821 620 3906 ipae.
641 3861 680 3872 -
723 3821 858 3883 Omnino
885 3840 980 3903 grase
1007 3819 1127 3884 facinus
1146 3819 1282 3884 Manias

289 3926 463 4006 commisit,
485 3932 540 4016 qni
556 3933 698 4016 quamvis
717 3932 858 3996 societati
876 3930 983 3997 christ.
1000 3931 1190 4014 adscriptus,
1218 3945 1282 3994 tam

244 4039 253 4048 ’
279 4017 470 4112 ‘mendacem
492 4063 526 4108 se
554 4055 586 4108 et
613 4041 841 4106 frandidentnm
865 4057 1000 4129 gereret.
1041 4042 1211 4105 Maximum
1231 4063 1282 4103 an-
