2778 4772
265 157 273 187 Ι

139 469 214 567 ln
233 463 498 548 nrosromn
516 485 813 555 nononnnos.
838 433 1024 560 sursunt.
1065 512 1124 570 oo

129 659 250 745 phrasi,
280 662 353 747 qnia
374 682 410 724 ex
439 666 669 730 resurreetione
687 641 812 732 'Christi
840 669 908 754 ipso
930 669 1123 736 Christiano-

125 782 205 840 ‘rum
224 773 357 836 similem
384 777 648 842 resurrectionem
683 778 838 842 deducere
867 784 1080 850 constituerat.
1107 789 1125 850 i
1201 821 1206 846 .

127 879 438 967 iyslpoe-osipere
463 886 571 966 iptio)
598 887 654 963 Is,
687 881 745 968 otti
766 892 879 954 Iesum
907 913 951 956 ex
978 900 1122 962 mortuis
1148 891 1151 905 ¹

126 997 323 1069 suscitavit,
350 977 465 1058 vestro
486 1001 585 1058 etiam
611 997 770 1072 mortuiis
793 1020 939 1080 corporo
959 1008 1052 1067 uitae
1072 1025 1122 1067 re·
1195 1031 1203 1058 a

111 1077 260 1175 attinet,
287 1112 469 1184 propterea
498 1089 580 1185 doio
609 1105 755 1186 Spiritus
778 1112 849 1174 eius
876 1113 912 1171 in
939 1115 1033 1175 vobis
1061 1122 1120 1190 est,

125 1209 199 1294 qnia
220 1211 361 1275 doctrino
384 1211 489 1274 divina
510 1213 630 1274 animos
650 1207 779 1277 restros'
792 1217 886 1301 regit,
907 1239 1024 1303 rosque
1049 1222 1119 1286 Deo

125 1297 241 1383 similes
262 1323 374 1386 reddit.
399 1319 528 1406 Optime
554 1324 701 1386 cohaeret
721 1345 844 1386 somma
864 1327 925 1390 hoo
946 1351 1017 1392 eum
1030 1353 1120 1416 prse-

93 1399 99 1419 Ι
125 1431 264 1498 cedente.
292 1431 531 1495 lllustrst'euim
549 1432 663 1496 Psulus
683 1433 778 1496 verba
798 1435 869 1498 ills:
891 1437 925 1504 ro*
947 1444 978 1506 δὲ
997 1447 1119 1518 πνεῦμα

123 1538 183 1630 ζωή
213 1539 260 1607 dui
291 1538 485 1628 δικαιοσύνην.
528 1541 668 1620 Felices„
685 1565 797 1628 nempe
825 1559 914 1623 sunt,
951 1550 1006 1631 qui
1034 1573 1118 1615 nuno

37 1655 40 1666 '
110 1649 275 1714 ‚sanetitsti
307 1651 387 1714 vitas
408 1651 549 1726 student,
577 1654 718 1735 quamvis
738 1655 817 1750 mala
846 1659 989 1738 eorporis
1011 1681 1046 1721 ex
1066 1684 1118 1724 au-

121 1771 221 1822 tsseta
244 1761 305 1822 rite
327 1775 446 1838 exorta,
477 1760 579 1823 sdhuo
607 1761 758 1839 sentisnt;
789 1786 860 1826 nam
880 1765 914 1826 in
934 1765 987 1830 ills
1006 1765 1118 1836 ,futura

39 1857 42 1864 ’
120 1872 182 1937 vito
194 1867 334 1955 perfecte
347 1868 433 1934 besti
449 1884 548 1935 erunt.
564 1871 599 1932 ln
613 1869 735 1978 rethia:
751 1875 767 1937 i
782 1873 968 1960 toslpxcriv
981 1875 1119 1964 Xpsrrirt
1183 1899 1185 1912 '

119 1969 156 2048 ia
173 1985 285 2066 νεκρῶν
304 1992 350 2044 est
370 2001 457 2042 mera
474 1981 666 2065 periphrasis
681 1987 948 2065 omnipotentior
966 1991 1116 2057 divinoe,

6 2153 7 2156 ,
34 2101 43 2112 “
118 2081 231 2168 Deus,¹
248 2091 353 2175 inquit
372 2088 504 2166 Paulus,
534 2088 588 2174 qui
608 2111 667 2175 pro
695 2111 749 2152 sus
775 2093 1002 2176 omnipotentia
1024 2093 1115 2162 Chri-

118 2191 199 2264 stum
225 2199 264 2264 ¹in
292 2203 387 2267 ritem
413 2194 588 2278 revoesirst,
616 2203 643 2264 is
670 2220 727 2264 ros
757 2201 848 2264 etiam
881 2218 954 2286 post
980 2221 1113 2274 mortem

119 2313 198 2375 ritas
233 2312 385 2374 restituet.
412 2309 535 2403 ‘Docet'
561 2309 660 2396 igitur
685 2310 871 2392 Apostolus,
905 2333 946 2375 ne
979 2335 1112 2402 eorpors

117 2421 244 2505 quidem
265 2444 384 2496 eorum,
405 2421 459 2504 qui
480 2434 586 2483 mente
601 2439 674 2483 vere
691 2419 858 2484 ohristisna
873 2424 1009 2505 praediti
1030 2443 1111 2508 sunt,

5 2591 9 2611 ,
116 2533 254 2617 expertia
280 2527 523 2596 lore-lelioioris
549 2531 634 2594 illius
661 2530 770 2608 sortis,
798 2551 859 2616 qus
880 2538 954 2618 post
977 2551 1111 2604 mortem

115 2645 235 2706 animae
263 2643 403 2729 ipsorum
430 2639 621 2727 gaudebunt.
664 2639 728 2716 Alii
750 2641 782 2702 h.
803 2643 825 2703 l.
850 2642 1030 2730 intelligunt
1056 2649 1112 2712 ho·
1216 2633 1226 2650 ⁸

114 2753 209 2828 minis
237 2751 277 2813 sd
304 2751 466 2814 meliorem
498 2752 747 2834 superioremque
775 2753 869 2814 vitam
892 2755 954 2836 per
981 2755 1124 2843 religio·

113 2881 187 2923 nem
209 2857 331 2924 Christi
349 2859 606 2922 instaurationem
623 2871 654 2922 et
672 2855 930 2926 emendationem.
953 2859 1017 2928 Sed
1036 2883 1110 2951 pro-

55 3041 57 3048 ,
112 2985 186 3058 pter
206 2971 318 3035 verba:
345 2963 449 3068 Serrei
466 2965 596 3049 ripere
616 2970 699 3046 ipsiu
725 2969 815 3053 prior
843 2976 995 3048 sententia
1011 2997 1109 3059 prae.

112 3079 241 3156 serenda
263 3079 398 3146 videtur.
441 3075 489 3144 tri
512 3077 546 3142 ro'
568 3081 698 3170 tuereris
712 3077 807 3145 edroi
826 3085 948 3162 euripo
970 3091 1002 3150 iv
1016 3087 1106 3165 ὑμῖν)

111 3174 321 3256 Praelhrends
342 3202 389 3254 est
410 3189 487 3250 haee
507 3185 604 3248 lectio
621 3183 685 3248 illi:
709 3183 757 3253 ot
782 3191 835 3252 roi
859 3189 1038 3267 ἐνοικούντος
1055 3197 1105 3260 αι’.

44 3335 53 3348 ·
81 3365 84 3373 ,
112 3306 166 3368 τοῦ
185 3299 359 3382 πνεύματος
377 3303 411 3366 ἐν
430 3298 510 3380 riphe
550 3293 610 3360 Est
630 3295 758 3381 quidem
786 3310 917 3381 utraque
942 3299 1037 3366 lectio
1057 3327 1104 3370 se.

111 3433 172 3497 qne
194 3409 260 3475 sere
282 3415 445 3493 antiquo,
472 3421 519 3484 et,
547 3405 721 3470 si'l'atrum
749 3407 927 3472 testimonis
948 3433 1104 3490 numeres,

110 3537 221 3586 neutra
247 3521 336 3584 alteri
366 3517 461 3583 aedit:
491 3516 571 3580 'Sed
599 3517 692 3581 lectio
724 3519 770 3608 dte
799 3521 832 3582 ro'
857 3528 1008 3598 euripo
1035 3523 1103 3606 sine

109 3632 206 3694 dubio
226 3632 333 3716 potior
354 3643 409 3706 est,
431 3604 458 3691 ii
482 3627 626 3691 eodioum
647 3647 811 3690 numerum
833 3643 967 3712 spectes.
1005 3635 1112 3712 Aroe,

32 3811 37 3826 Ι
109 3742 164 3816 dit,
186 3741 272 3826 quod
293 3739 370 3802 illud
384 3737 430 3804 iol
447 3738 631 3823 δικαιοσύνην
644 3761 672 3800 r.
690 3753 736 3808 19·
751 3737 794 3801 eb
816 3739 993 3803 evidentem
1007 3763 1103 3807 mem-

108 3851 237 3914 brorum
267 3848 427 3914 commatis
447 3869 476 3914 r.
499 3861 546 3916 10.
568 3859 599 3909 et
622 3862 668 3915 11·
695 3849 939 3932 psrsttetismum
965 3857 1102 3934 postulat

108 3959 156 4028 tri
182 3958 217 4028 ri
244 3964 376 4042 resipe-
418 3955 533 4044 Sensus
565 3957 665 4045 igitur
695 3941 755 4021 est:
794 3959 985 4039 Propterea
1012 3969 1103 4047 quod
1158 4023 1161 4033 ,

5 4133 6 4136 ,
107 4077 232 4155 spiritu
250 4075 321 4136 eius
336 4059 479 4136 onimoti
493 4073 585 4172 estis,
602 4069 688 4155 qnod
703 4079 807 4132 mente
822 4081 854 4132 et
866 4071 970 4136 animo
981 4074 1100 4168 similes

821 4183 860 4248 42
879 4182 903 4230 tt
