2686 4776
268 452 328 510 252
565 458 568 464 '
679 433 867 503 SCHOLIA
910 475 917 486 ·

269 602 384 702 hingo.
405 609 501 701 ἄραγε
515 653 557 666 ·-
570 612 671 705 ζοῆο)
686 619 781 702 Ergo
795 622 898 680 etiam
915 618 1067 702 Paganit
1077 619 1180 682 Deua
1194 637 1291 682 con·

270 732 376 798 cedit,
400 737 438 787 ut
459 729 682 802 emendentur
703 727 756 799 (ad
775 719 976 790 chrictianem
995 727 1185 815 religionem
1202 747 1295 812 per·

152 865 154 874 ¹
204 867 210 878 ¹
270 837 438 910 ducantur)
458 857 543 898 auae
554 833 738 921 felicitatis
758 858 889 901 caussa.
912 835 1109 939 Marpivara
1129 839 1161 900 h.
1181 837 1203 900 l.
1235 851 1295 901 eat

268 947 418 1010 transitus
436 967 455 1007 a
468 945 543 1008 salta
560 945 716 1032 religione
733 947 906 1040 adrerum,
928 959 959 1009 et
970 946 1153 1012 nominatim
1168 969 1295 1033 agen·

268 1055 316 1119 tili
341 1057 563 1152 superstitione
576 1056 615 1118 ad
635 1056 832 1154 christianam
848 1057 1051 1144 religionem,
1074 1057 1297 1144 operandam-

238 1207 241 1216 ·
269 1167 417 1262 quoinde
434 1165 623 1230 felicitatem.
645 1161 745 1228 Senta
764 1166 946 1254 theologico
966 1169 1019 1231 hio
1038 1191 1101 1232 uon
1118 1169 1204 1246 ,anmi
1226 1191 1294 1230 ro-

270 1302 338 1344 cem
359 1277 521 1360 perductae
541 1277 614 1340 iude
635 1288 779 1360 apparet,
799 1277 884 1360 quod
904 1275 1071 1341 Corneliae
1090 1301 1161 1341 cum
1183 1275 1293 1341 lami-

267 1387 310 1450 lia
337 1409 392 1452 aaa
419 1389 468 1450 vir
492 1385 623 1474 iniustitia
649 1381 746 1449 fuiaae
774 1385 904 1450 dicitur:
926 1407 954 1454 o.
976 1390 1021 1466 Χ,
1042 1405 1070 1458 2.
1098 1387 1153 1451 Sic
1177 1389 1291 1454 etiem

250 1522 365 1584 »quum
390 1497 430 1563 da
460 1485 600 1562 Indaeis
627 1515 731 1560 aermo
757 1507 819 1574 att,
846 1493 992 1578 partone
1020 1497 1103 1560 hautl
1127 1521 1201 1562 raro
1230 1514 1291 1566 eet

268 1593 416 1674 tranaitua
435 1631 454 1671 a
474 1619 633 1672 contemtu
655 1607 791 1672 Meaeiae
815 1608 855 1670 ad
876 1606 1110 1673 venerationem
1125 1609 1211 1690 eiua,
1237 1611 1288 1676 ad

216 1731 225 1744 “
268 1719 457 1808 religionem
479 1707 689 1781 christianam.

352 1845 400 1902 19.
425 1829 486 1892 Per
499 1827 651 1912 reliquam
663 1825 755 1889 huiua
771 1847 838 1911 cap.
854 1841 976 1912 partem
996 1827 1187 1892 describitur
1197 1851 1286 1916 pro·

267 1942 394 2029 pagatio
415 1939 578 2035 religionia
599 1937 786 2000 christianae
810 1951 894 2000 extra
914 1939 1126 2002 Palaestinam.
1153 1941 1200 2005 Oi
1215 1945 1287 2021 μὲν

268 2043 371 2119 οὗν-
384 2053 592 2136 Ἀντιοχείας)
622 2050 690 2134 Qui
717 2069 798 2134 ergo
820 2053 963 2131 dispersi
975 2045 1126 2134 fuerant
1149 2053 1236 2114 inde
1257 2054 1284 2116 a

269 2145 415 2242 tempore
443 2163 666 2234 calamitatis,
700 2177 791 2239 qnae
816 2159 990 2241 Stephano
1018 2163 1208 2234 acciderat,
1241 2163 1286 2227 hi

268 2278 394 2336 itinera
405 2267 570 2357 fecerunt
590 2289 695 2352 nsque
716 2270 920 2343 Phoenicen,
943 2271 1095 2350 Cyprum
1116 2279 1149 2333 et
1169 2275 1293 2364 Anll‘.

268 2383 409 2446 achiam.
434 2381 475 2448 Ἦ
489 2381 601 2466 Sirion
621 2379 641 2464 ’l
659 2387 804 2464 γενομένη
826 2381 879 2443 tri
897 2377 1072 2466 Στεφάνῳ,
1094 2382 1284 2448 calamitas

158 2519 162 2527 ·
268 2513 356 2575 quae
381 2493 553 2554 acciderat
582 2489 771 2569 Stephano,
805 2485 855 2549 rel
885 2485 926 2549 ob
954 2485 1155 2572 Stephanum.
1188 2491 1281 2555 Aliie

265 2609 343 2686 post
364 2597 513 2684 Stephani
533 2609 686 2680 mortem,
706 2609 741 2658 ut
759 2600 813 2662 tal
832 2597 976 2660 denotet:
998 2609 1091 2684 post,
1111 2613 1142 2663 et
1159 2619 1281 2666 aenaua

255 2713 326 2788 .ait,
351 2719 428 2794 post
453 2709 618 2788 Stephani
642 2720 768 2792 tempus
796 2708 847 2770 rel
876 2709 1003 2771 caedem
1037 2723 1171 2774 exortam
1201 2732 1280 2783 esea

265 2821 364 2894 hano,
387 2841 465 2904 quae
486 2828 694 2894 memoratur,
724 2817 947 2897 calamitatem,
975 2818 1065 2882 cuiue
1088 2817 1124 2912 fit
1150 2825 1279 2888 mentio

177 2979 180 2989 .
266 2913 1277 3014 0vuinter„haeaignffieaaonerffroecunrapuaAeeten.

264 3035 341 3103 Ver.
370 3037 452 3100 ltin.
478 3035 553 3110 Xll,
581 3051 607 3104 1.
637 3041 688 3102 tal
717 3043 837 3111 relicta
864 3038 1022 3125 ἐβιάσθη,
1051 3049 1128 3121 pott
1158 3047 1279 3109 muita
1341 3051 1342 3056 ’

266 3140 387 3214 coacta
409 3157 465 3213 ert.
488 3146 538 3210 Do
560 3145 709 3229 diaperaia
726 3145 792 3207 ‘illia
814 3145 876 3211 rid.
899 3165 994 3230 cupra
1015 3167 1043 3208 c.
1064 3149 1148 3240 vill,
1171 3163 1199 3216 1.
1222 3173 1279 3238 aq.

265 3235 472 3334 Antiochia,
496 3257 586 3318 cuiue
603 3255 656 3317 hic
677 3251 713 3316 fit
734 3256 869 3331 mentio,
890 3269 937 3319 eat
956 3258 1124 3322 Antiochia
1141 3257 1278 3345 Syriae,

265 3388 327 3452 qna
355 3365 432 3430 haec
460 3367 603 3432 Ciliciam
629 3381 757 3450 apertat.
793 3367 868 3431 Fuit
894 3367 971 3431 haec
995 3369 1088 3445 urba,
1114 3369 1277 3436 Strabone

264 3489 359 3550 teate,
380 3477 565 3560 metropolit
586 3475 711 3560 Syriae,
733 3479 822 3544 aeder
844 3480 933 3565 regia
950 3479 1096 3558 illorum,
1120 3481 1176 3565 qui
1194 3479 1277 3547 huio

264 3583 391 3668 regioni
411 3583 647 3672 imperitarunt,
669 3601 701 3648 et
720 3596 835 3671 poatea'
847 3587 1024 3674 legatorum
1042 3589 1275 3668 Romanorum,

264 3693 304 3757 ad
324 3691 478 3760 Orontem
495 3694 637 3760 flavium.
661 3695 776 3761 Cicero
797 3711 874 3761 orat.
896 3719 955 3783 pro
971 3699 1124 3765 Arohiac
1152 3715 1181 3771 3.
1200 3723 1275 3766 eam

264 3805 479 3868 vocationum
500 3805 658 3884 nobilem,
681 3807 840 3870 celebrem
854 3810 1010 3892 quondam
1022 3811 1154 3886 urbem,
1175 3825 1275 3896 atque

210 3979 213 3986 ,
264 3913 484 3980 eruditiaaimia
508 3916 689 3982 homiuibua
715 3917 1008 4004 liberalicaimiaqua
1038 3921 1149 3986 etudiia
1170 3922 1277 3988 adlla-

264 4035 378 4094 eutem.
405 4025 596 4092 Habitalrant
615 4029 649 4090 in
670 4047 707 4090 ea
719 4023 854 4108 Graeci,
871 4029 925 4093 aed
939 4045 971 4096 ct
983 4032 1090 4097 iudaei
1109 4033 1275 4099 habebant
