<?xml version="1.0" encoding="UTF-8"?>
<!DOCTYPE html PUBLIC "-//W3C//DTD XHTML 1.0 Transitional//EN"
    "http://www.w3.org/TR/xhtml1/DTD/xhtml1-transitional.dtd">
<html xmlns="http://www.w3.org/1999/xhtml" xml:lang="en" lang="en">
 <head>
  <title>
</title>
<meta http-equiv="Content-Type" content="text/html;charset=utf-8" />
  <meta name='ocr-system' content='tesseract 3.04.00' />
  <meta name='ocr-capabilities' content='ocr_page ocr_carea ocr_par ocr_line ocrx_word'/>
</head>
<body>
  <div class='ocr_page' id='page_1' title='image "./diogeorgiirosen02rosegoog_0265.png"; bbox 0 0 2686 4776; ppageno 0'>
   <div class='ocr_carea' id='block_1_1' title="bbox 280 423 867 553">
    <p class='ocr_par' dir='ltr' id='par_1_1' title="bbox 280 423 867 553">
     <span class='ocr_line' id='line_1_1' title="bbox 280 423 867 553; baseline -0.02 -28"><span class='ocrx_word' id='word_1_1' title='bbox 280 469 342 528; x_wconf 77' lang='grc' dir='ltr'><strong>ιιι</strong></span> <span class='ocrx_word' id='word_1_2' title='bbox 377 423 391 442; x_wconf 76' lang='grc'>’</span> <span class='ocrx_word' id='word_1_3' title='bbox 617 485 619 496; x_wconf 44' lang='lat'><em>1</em></span> <span class='ocrx_word' id='word_1_4' title='bbox 682 432 867 553; x_wconf 74' lang='lat' dir='ltr'><strong>seticum</strong></span> 
     </span>
    </p>
   </div>
   <div class='ocr_carea' id='block_1_2' title="bbox 281 627 1291 1377">
    <p class='ocr_par' dir='ltr' id='par_1_2' title="bbox 281 627 1291 1377">
     <span class='ocr_line' id='line_1_2' title="bbox 282 627 1291 716; baseline 0 -20"><span class='ocrx_word' id='word_1_5' title='bbox 282 629 387 696; x_wconf 76' lang='lat' dir='ltr'><strong>verbis</strong></span> <span class='ocrx_word' id='word_1_6' title='bbox 406 629 538 708; x_wconf 72' lang='lat' dir='ltr'><strong>addere,</strong></span> <span class='ocrx_word' id='word_1_7' title='bbox 558 630 617 708; x_wconf 84' lang='lat' dir='ltr'><strong>ita,</strong></span> <span class='ocrx_word' id='word_1_8' title='bbox 637 640 671 690; x_wconf 91' lang='lat' dir='ltr'><strong>ut</strong></span> <span class='ocrx_word' id='word_1_9' title='bbox 691 628 805 716; x_wconf 83' lang='lat' dir='ltr'><strong>partim</strong></span> <span class='ocrx_word' id='word_1_10' title='bbox 831 627 1052 694; x_wconf 70' lang='lat' dir='ltr'><strong>adverbialiter</strong></span> <span class='ocrx_word' id='word_1_11' title='bbox 1070 633 1206 716; x_wconf 79' lang='lat' dir='ltr'><strong>pdnator</strong></span> <span class='ocrx_word' id='word_1_12' title='bbox 1226 652 1291 715; x_wconf 88' lang='lat' dir='ltr'><strong>pro</strong></span> 
     </span>
     <span class='ocr_line' id='line_1_3' title="bbox 282 741 1291 823; baseline -0.002 -17"><span class='ocrx_word' id='word_1_13' title='bbox 282 745 419 818; x_wconf 81' lang='lat' dir='ltr'><strong>deinde,</strong></span> <span class='ocrx_word' id='word_1_14' title='bbox 446 745 609 822; x_wconf 85' lang='lat' dir='ltr'><strong>amplius,</strong></span> <span class='ocrx_word' id='word_1_15' title='bbox 638 759 761 821; x_wconf 81' lang='lat' dir='ltr'><strong>porro,</strong></span> <span class='ocrx_word' id='word_1_16' title='bbox 790 747 985 823; x_wconf 81' lang='lat' dir='ltr'><strong>praeterea,</strong></span> <span class='ocrx_word' id='word_1_17' title='bbox 1012 753 1043 803; x_wconf 88' lang='lat' dir='ltr'><strong>ct</strong></span> <span class='ocrx_word' id='word_1_18' title='bbox 1070 741 1203 817; x_wconf 80' lang='lat' dir='ltr'><strong>iudicet,</strong></span> <span class='ocrx_word' id='word_1_19' title='bbox 1233 743 1291 804; x_wconf 90' lang='lat' dir='ltr'><strong>ali-</strong></span> 
     </span>
     <span class='ocr_line' id='line_1_4' title="bbox 282 849 1290 939; baseline -0.004 -23"><span class='ocrx_word' id='word_1_20' title='bbox 282 877 376 939; x_wconf 85' lang='lat' dir='ltr'><strong>quem</strong></span> <span class='ocrx_word' id='word_1_21' title='bbox 404 872 540 936; x_wconf 80' lang='lat' dir='ltr'><strong>pergere</strong></span> <span class='ocrx_word' id='word_1_22' title='bbox 569 852 602 914; x_wconf 86' lang='lat' dir='ltr'><strong>in</strong></span> <span class='ocrx_word' id='word_1_23' title='bbox 629 851 770 937; x_wconf 74' lang='lat' dir='ltr'><strong>agendo,</strong></span> <span class='ocrx_word' id='word_1_24' title='bbox 798 849 913 934; x_wconf 84' lang='lat' dir='ltr'><strong>partim</strong></span> <span class='ocrx_word' id='word_1_25' title='bbox 933 871 1008 913; x_wconf 84' lang='lat' dir='ltr'><strong>vero</strong></span> <span class='ocrx_word' id='word_1_26' title='bbox 1023 850 1117 934; x_wconf 73' lang='lat' dir='ltr'><strong>plane</strong></span> <span class='ocrx_word' id='word_1_27' title='bbox 1137 852 1290 914; x_wconf 86' lang='lat' dir='ltr'><strong>abundet.</strong></span> 
     </span>
     <span class='ocr_line' id='line_1_5' title="bbox 282 937 1290 1046; baseline -0.002 -20"><span class='ocrx_word' id='word_1_28' title='bbox 282 963 396 1026; x_wconf 79' lang='lat' dir='ltr'><strong>Imitati</strong></span> <span class='ocrx_word' id='word_1_29' title='bbox 416 975 492 1043; x_wconf 77' lang='lat' dir='ltr'><strong>suot</strong></span> <span class='ocrx_word' id='word_1_30' title='bbox 507 961 597 1024; x_wconf 90' lang='lat' dir='ltr'><strong>hac&#39;</strong></span> <span class='ocrx_word' id='word_1_31' title='bbox 587 985 621 1024; x_wconf 89' lang='grc' dir='ltr'><strong>ιιι</strong></span> <span class='ocrx_word' id='word_1_32' title='bbox 641 985 676 1024; x_wconf 90' lang='lat' dir='ltr'><strong>re</strong></span> <span class='ocrx_word' id='word_1_33' title='bbox 697 958 876 1044; x_wconf 77' lang='lat' dir='ltr'><strong>Scriptores</strong></span> <span class='ocrx_word' id='word_1_34' title='bbox 897 941 1077 1037; x_wconf 83' lang='lat' dir='ltr'><strong>hebraicos,</strong></span> <span class='ocrx_word' id='word_1_35' title='bbox 1099 961 1155 1046; x_wconf 87' lang='lat' dir='ltr'><strong>qui</strong></span> <span class='ocrx_word' id='word_1_36' title='bbox 1174 937 1290 1024; x_wconf 88' lang='lat' dir='ltr'><strong>eadem</strong></span> 
     </span>
     <span class='ocr_line' id='line_1_6' title="bbox 281 1068 1288 1178; baseline -0.005 -41"><span class='ocrx_word' id='word_1_37' title='bbox 281 1073 402 1142; x_wconf 83' lang='lat' dir='ltr'><strong>ratione</strong></span> <span class='ocrx_word' id='word_1_38' title='bbox 425 1093 515 1134; x_wconf 89' lang='lat' dir='ltr'><strong>suum</strong></span> <span class='ocrx_word' id='word_1_39' title='bbox 536 1093 599 1178; x_wconf 60' lang='lat'><strong>5¹0³</strong></span> <span class='ocrx_word' id='word_1_40' title='bbox 619 1073 688 1135; x_wconf 88' lang='lat' dir='ltr'><strong>aliis</strong></span> <span class='ocrx_word' id='word_1_41' title='bbox 709 1074 815 1136; x_wconf 80' lang='lat' dir='ltr'><strong>verbis</strong></span> <span class='ocrx_word' id='word_1_42' title='bbox 835 1073 949 1136; x_wconf 88' lang='lat' dir='ltr'><strong>addere</strong></span> <span class='ocrx_word' id='word_1_43' title='bbox 971 1075 1087 1149; x_wconf 87' lang='lat' dir='ltr'><strong>solent,</strong></span> <span class='ocrx_word' id='word_1_44' title='bbox 1112 1093 1139 1135; x_wconf 85' lang='lat' dir='ltr'><strong>e.</strong></span> <span class='ocrx_word' id='word_1_45' title='bbox 1155 1095 1186 1160; x_wconf 81' lang='lat' dir='ltr'>g</span> <span class='ocrx_word' id='word_1_46' title='bbox 1179 1068 1288 1136; x_wconf 84' lang='lat' dir='ltr'><strong>Gen</strong></span> 
     </span>
     <span class='ocr_line' id='line_1_7' title="bbox 282 1176 1291 1272; baseline -0.008 -22"><span class='ocrx_word' id='word_1_47' title='bbox 282 1181 551 1258; x_wconf 82' lang='lat' dir='ltr'><strong>Vlli,1o,Deut</strong></span> <span class='ocrx_word' id='word_1_48' title='bbox 576 1181 627 1257; x_wconf 72' lang='lat' dir='ltr'><strong>lli,</strong></span> <span class='ocrx_word' id='word_1_49' title='bbox 648 1197 696 1252; x_wconf 80' lang='lat'><strong>25·</strong></span> <span class='ocrx_word' id='word_1_50' title='bbox 719 1176 845 1270; x_wconf 70' lang='grc' dir='ltr'><em>ἦσαν-</em></span> <span class='ocrx_word' id='word_1_51' title='bbox 860 1180 1002 1272; x_wconf 57' lang='lat' dir='ltr'><strong>igiosa)</strong></span> <span class='ocrx_word' id='word_1_52' title='bbox 1033 1181 1213 1244; x_wconf 86' lang='lat' dir='ltr'><strong>Hebdomas</strong></span> <span class='ocrx_word' id='word_1_53' title='bbox 1231 1202 1291 1265; x_wconf 83' lang='lat' dir='ltr'><strong>pa·</strong></span> 
     </span>
     <span class='ocr_line' id='line_1_8' title="bbox 283 1289 1290 1377; baseline -0.004 -19"><span class='ocrx_word' id='word_1_54' title='bbox 283 1293 406 1358; x_wconf 86' lang='lat' dir='ltr'><strong>acbalia.</strong></span> <span class='ocrx_word' id='word_1_55' title='bbox 434 1289 523 1352; x_wconf 85' lang='lat' dir='ltr'><strong>His&#39;</strong></span> <span class='ocrx_word' id='word_1_56' title='bbox 513 1291 590 1375; x_wconf 84' lang='lat' dir='ltr'><strong>apsis</strong></span> <span class='ocrx_word' id='word_1_57' title='bbox 611 1291 722 1356; x_wconf 86' lang='lat' dir='ltr'><strong>diebus</strong></span> <span class='ocrx_word' id='word_1_58' title='bbox 743 1289 831 1357; x_wconf 83' lang='lat' dir='ltr'><strong>festia</strong></span> <span class='ocrx_word' id='word_1_59' title='bbox 851 1291 1010 1368; x_wconf 83' lang='lat' dir='ltr'><strong>Herodes,</strong></span> <span class='ocrx_word' id='word_1_60' title='bbox 1031 1291 1236 1377; x_wconf 85' lang='lat' dir='ltr'><strong>quistodium</strong></span> <span class='ocrx_word' id='word_1_61' title='bbox 1255 1305 1290 1354; x_wconf 85' lang='lat' dir='ltr'><strong>et</strong></span> 
     </span>
    </p>
   </div>
   <div class='ocr_carea' id='block_1_3' title="bbox 279 1391 1288 1600">
    <p class='ocr_par' dir='ltr' id='par_1_3' title="bbox 279 1391 1288 1600">
     <span class='ocr_line' id='line_1_9' title="bbox 279 1391 1288 1489; baseline -0.005 -20"><span class='ocrx_word' id='word_1_62' title='bbox 279 1406 385 1469; x_wconf 76' lang='lat' dir='ltr'><strong>celum</strong></span> <span class='ocrx_word' id='word_1_63' title='bbox 405 1403 502 1466; x_wconf 80' lang='lat' dir='ltr'><strong>aritae</strong></span> <span class='ocrx_word' id='word_1_64' title='bbox 528 1401 611 1488; x_wconf 78' lang='lat' dir='ltr'><strong>legia</strong></span> <span class='ocrx_word' id='word_1_65' title='bbox 629 1397 807 1482; x_wconf 71' lang='lat' dir='ltr'><strong>affectaret,</strong></span> <span class='ocrx_word' id='word_1_66' title='bbox 834 1404 961 1468; x_wconf 83' lang='lat' dir='ltr'><strong>Petrum</strong></span> <span class='ocrx_word' id='word_1_67' title='bbox 981 1402 1137 1489; x_wconf 84' lang='lat' dir='ltr'><strong>supplicio</strong></span> <span class='ocrx_word' id='word_1_68' title='bbox 1158 1391 1288 1466; x_wconf 69' lang='lat' dir='ltr'><strong>tradere</strong></span> 
     </span>
     <span class='ocr_line' id='line_1_10' title="bbox 283 1513 479 1600; baseline -0.026 -21"><span class='ocrx_word' id='word_1_69' title='bbox 283 1539 347 1580; x_wconf 85' lang='lat' dir='ltr'><strong>oon</strong></span> <span class='ocrx_word' id='word_1_70' title='bbox 367 1513 479 1600; x_wconf 85' lang='lat' dir='ltr'><strong>potuit&#39;.</strong></span> 
     </span>
    </p>
   </div>
   <div class='ocr_carea' id='block_1_4' title="bbox 286 1674 1291 1864">
    <p class='ocr_par' dir='ltr' id='par_1_4' title="bbox 286 1674 1291 1864">
     <span class='ocr_line' id='line_1_11' title="bbox 363 1674 1289 1760; baseline -0.008 -17"><span class='ocrx_word' id='word_1_71' title='bbox 363 1683 392 1743; x_wconf 74' lang='lat'><strong>4·</strong></span> <span class='ocrx_word' id='word_1_72' title='bbox 414 1677 570 1758; x_wconf 72' lang='lat' dir='ltr'><strong>Tscccpct</strong></span> <span class='ocrx_word' id='word_1_73' title='bbox 592 1674 753 1756; x_wconf 71' lang='grc' dir='ltr'><strong>τετραδίοις</strong></span> <span class='ocrx_word' id='word_1_74' title='bbox 771 1677 989 1760; x_wconf 75' lang='grc' dir='ltr'><strong>’στραιιωιῶν)</strong></span> <span class='ocrx_word' id='word_1_75' title='bbox 1019 1677 1181 1759; x_wconf 77' lang='lat' dir='ltr'><strong>Quattuor</strong></span> <span class='ocrx_word' id='word_1_76' title='bbox 1201 1695 1289 1757; x_wconf 82' lang='lat' dir='ltr'><strong>quu-</strong></span> 
     </span>
     <span class='ocr_line' id='line_1_12' title="bbox 286 1780 1291 1864; baseline -0.006 -12"><span class='ocrx_word' id='word_1_77' title='bbox 286 1787 498 1864; x_wconf 73' lang='lat' dir='ltr'><strong><em>ternionibus</em></strong></span> <span class='ocrx_word' id='word_1_78' title='bbox 524 1785 690 1858; x_wconf 82' lang='lat' dir='ltr'><strong>miiitum,</strong></span> <span class='ocrx_word' id='word_1_79' title='bbox 721 1780 742 1842; x_wconf 90' lang='lat' dir='ltr'><strong>i.</strong></span> <span class='ocrx_word' id='word_1_80' title='bbox 765 1803 792 1844; x_wconf 87' lang='lat' dir='ltr'><strong>e.</strong></span> <span class='ocrx_word' id='word_1_81' title='bbox 819 1782 958 1847; x_wconf 83' lang='lat' dir='ltr'><strong>sedecim</strong></span> <span class='ocrx_word' id='word_1_82' title='bbox 982 1785 1142 1848; x_wconf 88' lang='lat' dir='ltr'><strong>militibus.</strong></span> <span class='ocrx_word' id='word_1_83' title='bbox 1173 1781 1291 1847; x_wconf 79' lang='lat' dir='ltr'><strong>Custo-</strong></span> 
     </span>
    </p>
   </div>
   <div class='ocr_carea' id='block_1_5' title="bbox 284 1875 1288 1980">
    <p class='ocr_par' dir='ltr' id='par_1_5' title="bbox 284 1875 1288 1980">
     <span class='ocr_line' id='line_1_13' title="bbox 284 1875 1288 1980; baseline -0.004 -19"><span class='ocrx_word' id='word_1_84' title='bbox 284 1897 413 1961; x_wconf 87' lang='lat' dir='ltr'><strong>diebant</strong></span> <span class='ocrx_word' id='word_1_85' title='bbox 440 1894 568 1956; x_wconf 86' lang='lat' dir='ltr'><strong>Petrum</strong></span> <span class='ocrx_word' id='word_1_86' title='bbox 599 1875 718 1954; x_wconf 61' lang='lat' dir='ltr'><strong>milites*</strong></span> <span class='ocrx_word' id='word_1_87' title='bbox 741 1913 828 1955; x_wconf 86' lang='lat' dir='ltr'><strong>more</strong></span> <span class='ocrx_word' id='word_1_88' title='bbox 856 1894 1010 1961; x_wconf 82' lang='lat' dir='ltr'><strong>Romano.</strong></span> <span class='ocrx_word' id='word_1_89' title='bbox 1047 1895 1172 1980; x_wconf 77' lang='lat' dir='ltr'><strong>Quanto</strong></span> <span class='ocrx_word' id='word_1_90' title='bbox 1199 1895 1288 1957; x_wconf 88' lang='lat' dir='ltr'><strong>enim</strong></span> 
     </span>
    </p>
   </div>
   <div class='ocr_carea' id='block_1_6' title="bbox 132 2001 1289 2092">
    <p class='ocr_par' dir='ltr' id='par_1_6' title="bbox 132 2001 1289 2092">
     <span class='ocr_line' id='line_1_14' title="bbox 132 2001 1289 2092; baseline -0.004 -19"><span class='ocrx_word' id='word_1_91' title='bbox 132 2021 134 2032; x_wconf 89' lang='grc'><em>“</em></span> <span class='ocrx_word' id='word_1_92' title='bbox 259 2087 262 2092; x_wconf 25' lang='grc' dir='ltr'>Ι</span> <span class='ocrx_word' id='word_1_93' title='bbox 283 2008 387 2072; x_wconf 84' lang='lat' dir='ltr'><strong>studio</strong></span> <span class='ocrx_word' id='word_1_94' title='bbox 411 2005 572 2091; x_wconf 85' lang='lat' dir='ltr'><strong>Agrippa,</strong></span> <span class='ocrx_word' id='word_1_95' title='bbox 598 2001 716 2064; x_wconf 84' lang='lat' dir='ltr'><strong>Romae</strong></span> <span class='ocrx_word' id='word_1_96' title='bbox 739 2001 902 2079; x_wconf 87' lang='lat' dir='ltr'><strong>educatus,</strong></span> <span class='ocrx_word' id='word_1_97' title='bbox 929 2005 954 2065; x_wconf 85' lang='lat' dir='ltr'><strong>si</strong></span> <span class='ocrx_word' id='word_1_98' title='bbox 981 2026 1177 2069; x_wconf 74' lang='lat' dir='ltr'><strong>socerorum</strong></span> <span class='ocrx_word' id='word_1_99' title='bbox 1198 2006 1289 2068; x_wconf 82' lang='lat' dir='ltr'><strong>cultu</strong></span> 
     </span>
    </p>
   </div>
   <div class='ocr_carea' id='block_1_7' title="bbox 281 2113 1290 3090">
    <p class='ocr_par' dir='ltr' id='par_1_7' title="bbox 281 2113 1290 3090">
     <span class='ocr_line' id='line_1_15' title="bbox 282 2113 1287 2192; baseline -0.003 -11"><span class='ocrx_word' id='word_1_100' title='bbox 282 2117 478 2188; x_wconf 71' lang='lat' dir='ltr'>discedatur,</span> <span class='ocrx_word' id='word_1_101' title='bbox 504 2135 607 2176; x_wconf 87' lang='lat' dir='ltr'><strong>mores</strong></span> <span class='ocrx_word' id='word_1_102' title='bbox 627 2113 840 2178; x_wconf 83' lang='lat' dir='ltr'><strong>Romanorum</strong></span> <span class='ocrx_word' id='word_1_103' title='bbox 868 2114 1037 2178; x_wconf 75' lang='lat' dir='ltr'><strong>aemulatus</strong></span> <span class='ocrx_word' id='word_1_104' title='bbox 1058 2115 1112 2192; x_wconf 88' lang='lat' dir='ltr'><strong>sit,</strong></span> <span class='ocrx_word' id='word_1_105' title='bbox 1134 2130 1179 2178; x_wconf 87' lang='lat' dir='ltr'><strong>sat</strong></span> <span class='ocrx_word' id='word_1_106' title='bbox 1200 2115 1287 2178; x_wconf 84' lang='lat' dir='ltr'><strong>clare</strong></span> 
     </span>
     <span class='ocr_line' id='line_1_16' title="bbox 284 2222 1288 2308; baseline -0.004 -16"><span class='ocrx_word' id='word_1_107' title='bbox 284 2229 398 2292; x_wconf 78' lang='lat' dir='ltr'>docent</span> <span class='ocrx_word' id='word_1_108' title='bbox 412 2226 473 2287; x_wconf 87' lang='lat' dir='ltr'><strong>loci</strong></span> <span class='ocrx_word' id='word_1_109' title='bbox 487 2222 612 2308; x_wconf 82' lang='lat' dir='ltr'><strong>losephi</strong></span> <span class='ocrx_word' id='word_1_110' title='bbox 625 2225 753 2308; x_wconf 85' lang='lat' dir='ltr'><strong>Antiqq.</strong></span> <span class='ocrx_word' id='word_1_111' title='bbox 771 2223 864 2298; x_wconf 81' lang='lat' dir='ltr'><strong>xlx,</strong></span> <span class='ocrx_word' id='word_1_112' title='bbox 879 2240 907 2298; x_wconf 69' lang='lat' dir='ltr'><strong>t,</strong></span> <span class='ocrx_word' id='word_1_113' title='bbox 921 2231 948 2289; x_wconf 74' lang='grc'><strong>4.</strong></span> <span class='ocrx_word' id='word_1_114' title='bbox 963 2237 996 2286; x_wconf 89' lang='lat' dir='ltr'><strong>et</strong></span> <span class='ocrx_word' id='word_1_115' title='bbox 1015 2239 1045 2294; x_wconf 78' lang='lat'><strong>5.=</strong></span> <span class='ocrx_word' id='word_1_116' title='bbox 1067 2226 1137 2287; x_wconf 88' lang='lat' dir='ltr'><strong>ccli.</strong></span> <span class='ocrx_word' id='word_1_117' title='bbox 1160 2247 1187 2290; x_wconf 89' lang='lat' dir='ltr'><strong>c.</strong></span> <span class='ocrx_word' id='word_1_118' title='bbox 1210 2239 1241 2300; x_wconf 77' lang='grc' dir='ltr'><strong>ε,</strong></span> <span class='ocrx_word' id='word_1_119' title='bbox 1254 2243 1288 2294; x_wconf 80' lang='lat'><strong>2.</strong></span> 
     </span>
     <span class='ocr_line' id='line_1_17' title="bbox 282 2315 1288 2419; baseline -0.001 -20"><span class='ocrx_word' id='word_1_120' title='bbox 282 2337 418 2411; x_wconf 86' lang='lat' dir='ltr'><strong>Milites,</strong></span> <span class='ocrx_word' id='word_1_121' title='bbox 441 2336 556 2418; x_wconf 88' lang='lat' dir='ltr'><strong>quibus</strong></span> <span class='ocrx_word' id='word_1_122' title='bbox 578 2337 720 2404; x_wconf 76' lang='lat' dir='ltr'><strong>custodia</strong></span> <span class='ocrx_word' id='word_1_123' title='bbox 734 2315 928 2419; x_wconf 74' lang='lat' dir='ltr'><strong>csp&#39;tivorum</strong></span> <span class='ocrx_word' id='word_1_124' title='bbox 944 2333 992 2396; x_wconf 83' lang='lat' dir='ltr'><strong>sel</strong></span> <span class='ocrx_word' id='word_1_125' title='bbox 1010 2355 1187 2411; x_wconf 86' lang='lat' dir='ltr'><strong>carcerum,</strong></span> <span class='ocrx_word' id='word_1_126' title='bbox 1208 2337 1288 2398; x_wconf 88' lang='lat' dir='ltr'><strong>aiio·</strong></span> 
     </span>
     <span class='ocr_line' id='line_1_18' title="bbox 283 2442 1288 2530; baseline -0.001 -20"><span class='ocrx_word' id='word_1_127' title='bbox 283 2469 414 2530; x_wconf 84' lang='lat' dir='ltr'><strong>rumque</strong></span> <span class='ocrx_word' id='word_1_128' title='bbox 442 2442 585 2508; x_wconf 84' lang='lat' dir='ltr'><strong>locorum</strong></span> <span class='ocrx_word' id='word_1_129' title='bbox 614 2445 880 2519; x_wconf 76' lang='lat' dir='ltr'><strong>committebatur,</strong></span> <span class='ocrx_word' id='word_1_130' title='bbox 911 2460 1044 2529; x_wconf 85' lang='lat' dir='ltr'><strong>quatuor</strong></span> <span class='ocrx_word' id='word_1_131' title='bbox 1064 2445 1149 2530; x_wconf 81' lang='lat' dir='ltr'><strong>apud</strong></span> <span class='ocrx_word' id='word_1_132' title='bbox 1170 2445 1288 2509; x_wconf 83' lang='lat' dir='ltr'><strong>Roma-</strong></span> 
     </span>
     <span class='ocr_line' id='line_1_19' title="bbox 282 2555 1289 2638; baseline -0.002 -18"><span class='ocrx_word' id='word_1_133' title='bbox 282 2579 341 2621; x_wconf 85' lang='lat' dir='ltr'><strong>nos</strong></span> <span class='ocrx_word' id='word_1_134' title='bbox 365 2556 459 2619; x_wconf 80' lang='lat' dir='ltr'><strong>simui</strong></span> <span class='ocrx_word' id='word_1_135' title='bbox 479 2576 547 2616; x_wconf 84' lang='lat' dir='ltr'><strong>esse</strong></span> <span class='ocrx_word' id='word_1_136' title='bbox 568 2555 725 2632; x_wconf 87' lang='lat' dir='ltr'><strong>solebant,</strong></span> <span class='ocrx_word' id='word_1_137' title='bbox 750 2557 805 2638; x_wconf 89' lang='lat' dir='ltr'><strong>qui</strong></span> <span class='ocrx_word' id='word_1_138' title='bbox 827 2555 1004 2618; x_wconf 86' lang='lat' dir='ltr'><strong>excubitum</strong></span> <span class='ocrx_word' id='word_1_139' title='bbox 1025 2559 1126 2618; x_wconf 84' lang='lat' dir='ltr'><strong>noctis</strong></span> <span class='ocrx_word' id='word_1_140' title='bbox 1147 2557 1190 2618; x_wconf 84' lang='lat' dir='ltr'><strong>ite</strong></span> <span class='ocrx_word' id='word_1_141' title='bbox 1210 2556 1289 2620; x_wconf 81' lang='lat' dir='ltr'><strong>saci-</strong></span> 
     </span>
     <span class='ocr_line' id='line_1_20' title="bbox 283 2664 1290 2751; baseline 0.002 -22"><span class='ocrx_word' id='word_1_142' title='bbox 283 2668 395 2741; x_wconf 83' lang='lat' dir='ltr'><strong>ebent,</strong></span> <span class='ocrx_word' id='word_1_143' title='bbox 417 2679 451 2728; x_wconf 86' lang='lat' dir='ltr'><strong>ut</strong></span> <span class='ocrx_word' id='word_1_144' title='bbox 472 2665 588 2748; x_wconf 83' lang='lat' dir='ltr'><strong>vigiliis</strong></span> <span class='ocrx_word' id='word_1_145' title='bbox 607 2664 641 2726; x_wconf 86' lang='lat' dir='ltr'><strong>in</strong></span> <span class='ocrx_word' id='word_1_146' title='bbox 655 2675 789 2750; x_wconf 85' lang='lat' dir='ltr'><strong>quatuor</strong></span> <span class='ocrx_word' id='word_1_147' title='bbox 799 2680 904 2750; x_wconf 82' lang='lat' dir='ltr'><strong>partes</strong></span> <span class='ocrx_word' id='word_1_148' title='bbox 918 2665 956 2728; x_wconf 87' lang='lat' dir='ltr'><strong>ad</strong></span> <span class='ocrx_word' id='word_1_149' title='bbox 972 2666 1166 2751; x_wconf 73' lang='lat' dir='ltr'><strong>clepsydram</strong></span> <span class='ocrx_word' id='word_1_150' title='bbox 1179 2669 1290 2732; x_wconf 85' lang='lat' dir='ltr'><strong>distri·</strong></span> 
     </span>
     <span class='ocr_line' id='line_1_21' title="bbox 281 2775 1289 2864; baseline 0 -23"><span class='ocrx_word' id='word_1_151' title='bbox 281 2777 384 2848; x_wconf 84' lang='lat' dir='ltr'><strong>botis,</strong></span> <span class='ocrx_word' id='word_1_152' title='bbox 411 2775 529 2860; x_wconf 79' lang='lat' dir='ltr'><strong>singuli</strong></span> <span class='ocrx_word' id='word_1_153' title='bbox 558 2775 709 2861; x_wconf 86' lang='lat' dir='ltr'><strong>deinceps</strong></span> <span class='ocrx_word' id='word_1_154' title='bbox 735 2779 833 2840; x_wconf 84' lang='lat' dir='ltr'><strong>ternis</strong></span> <span class='ocrx_word' id='word_1_155' title='bbox 860 2776 946 2839; x_wconf 87' lang='lat' dir='ltr'><strong>horis</strong></span> <span class='ocrx_word' id='word_1_156' title='bbox 974 2777 1148 2863; x_wconf 81' lang='lat' dir='ltr'><strong>vigilarent.</strong></span> <span class='ocrx_word' id='word_1_157' title='bbox 1201 2779 1289 2864; x_wconf 75' lang='lat' dir='ltr'><strong>Quia</strong></span> 
     </span>
     <span class='ocr_line' id='line_1_22' title="bbox 282 2885 1289 2972; baseline 0.004 -24"><span class='ocrx_word' id='word_1_158' title='bbox 282 2888 381 2972; x_wconf 83' lang='lat' dir='ltr'><strong>igitur</strong></span> <span class='ocrx_word' id='word_1_159' title='bbox 403 2885 548 2947; x_wconf 87' lang='lat' dir='ltr'><strong>Herodes</strong></span> <span class='ocrx_word' id='word_1_160' title='bbox 570 2886 699 2950; x_wconf 86' lang='lat' dir='ltr'><strong>Petrum</strong></span> <span class='ocrx_word' id='word_1_161' title='bbox 719 2888 872 2951; x_wconf 83' lang='lat' dir='ltr'><strong>custodiri</strong></span> <span class='ocrx_word' id='word_1_162' title='bbox 894 2887 1028 2951; x_wconf 77' lang='lat' dir='ltr'><strong>soluite</strong></span> <span class='ocrx_word' id='word_1_163' title='bbox 1050 2902 1184 2972; x_wconf 83' lang='lat' dir='ltr'><strong>quatuor</strong></span> <span class='ocrx_word' id='word_1_164' title='bbox 1204 2891 1289 2952; x_wconf 89' lang='lat' dir='ltr'><strong>mili-</strong></span> 
     </span>
     <span class='ocr_line' id='line_1_23' title="bbox 282 2997 1290 3090; baseline 0.003 -31"><span class='ocrx_word' id='word_1_165' title='bbox 282 2997 384 3072; x_wconf 84' lang='lat' dir='ltr'><strong>tibus,</strong></span> <span class='ocrx_word' id='word_1_166' title='bbox 406 3017 540 3079; x_wconf 84' lang='lat' dir='ltr'><strong>quorum</strong></span> <span class='ocrx_word' id='word_1_167' title='bbox 562 2997 625 3060; x_wconf 90' lang='lat' dir='ltr'><strong>duo</strong></span> <span class='ocrx_word' id='word_1_168' title='bbox 646 3000 676 3060; x_wconf 91' lang='lat' dir='ltr'><strong>ei</strong></span> <span class='ocrx_word' id='word_1_169' title='bbox 697 2999 815 3086; x_wconf 85' lang='lat' dir='ltr'><strong>sliigsti</strong></span> <span class='ocrx_word' id='word_1_170' title='bbox 837 3011 871 3073; x_wconf 79' lang='grc' dir='ltr'><strong>(ι</strong></span> <span class='ocrx_word' id='word_1_171' title='bbox 902 3009 966 3090; x_wconf 69' lang='grc'><em>6.),</em></span> <span class='ocrx_word' id='word_1_172' title='bbox 987 3021 1058 3060; x_wconf 87' lang='lat' dir='ltr'><strong>eum</strong></span> <span class='ocrx_word' id='word_1_173' title='bbox 1074 2999 1106 3060; x_wconf 90' lang='lat' dir='ltr'><strong>in</strong></span> <span class='ocrx_word' id='word_1_174' title='bbox 1125 2999 1198 3082; x_wconf 85' lang='lat' dir='ltr'><strong>ipso</strong></span> <span class='ocrx_word' id='word_1_175' title='bbox 1219 3021 1290 3075; x_wconf 76' lang='lat' dir='ltr'><strong>car-</strong></span> 
     </span>
    </p>
   </div>
   <div class='ocr_carea' id='block_1_8' title="bbox 148 3103 1288 3186">
    <p class='ocr_par' dir='ltr' id='par_1_8' title="bbox 148 3103 1288 3186">
     <span class='ocr_line' id='line_1_24' title="bbox 148 3103 1288 3186; baseline 0.002 -16"><span class='ocrx_word' id='word_1_176' title='bbox 148 3103 155 3132; x_wconf 93' lang='lat'>&#39;</span> <span class='ocrx_word' id='word_1_177' title='bbox 284 3127 355 3170; x_wconf 87' lang='lat' dir='ltr'><strong>cere</strong></span> <span class='ocrx_word' id='word_1_178' title='bbox 376 3107 594 3186; x_wconf 76' lang='lat' dir='ltr'><strong>observarent,</strong></span> <span class='ocrx_word' id='word_1_179' title='bbox 614 3109 744 3172; x_wconf 86' lang='lat' dir='ltr'><strong>totidem</strong></span> <span class='ocrx_word' id='word_1_180' title='bbox 766 3125 835 3173; x_wconf 87' lang='lat' dir='ltr'><strong>sute</strong></span> <span class='ocrx_word' id='word_1_181' title='bbox 855 3103 1164 3172; x_wconf 81' lang='lat' dir='ltr'><strong>fcres&#39;exca&#39;barent:</strong></span> <span class='ocrx_word' id='word_1_182' title='bbox 1193 3107 1288 3172; x_wconf 85' lang='lat' dir='ltr'><strong>facile</strong></span> 
     </span>
    </p>
   </div>
   <div class='ocr_carea' id='block_1_9' title="bbox 176 3217 1290 3853">
    <p class='ocr_par' dir='ltr' id='par_1_9' title="bbox 176 3217 1290 3853">
     <span class='ocr_line' id='line_1_25' title="bbox 282 3217 1290 3304; baseline 0.002 -24"><span class='ocrx_word' id='word_1_183' title='bbox 282 3217 486 3304; x_wconf 85' lang='lat' dir='ltr'><strong>inteiligitur,</strong></span> <span class='ocrx_word' id='word_1_184' title='bbox 508 3239 637 3283; x_wconf 82' lang='lat' dir='ltr'><strong>necesse</strong></span> <span class='ocrx_word' id='word_1_185' title='bbox 657 3217 770 3296; x_wconf 83' lang='lat' dir='ltr'><strong>foisse,</strong></span> <span class='ocrx_word' id='word_1_186' title='bbox 796 3235 831 3284; x_wconf 90' lang='lat' dir='ltr'><strong>ut</strong></span> <span class='ocrx_word' id='word_1_187' title='bbox 852 3233 986 3304; x_wconf 85' lang='lat' dir='ltr'><strong>quatuor</strong></span> <span class='ocrx_word' id='word_1_188' title='bbox 1007 3219 1138 3280; x_wconf 86' lang='lat' dir='ltr'><strong>militum</strong></span> <span class='ocrx_word' id='word_1_189' title='bbox 1161 3234 1290 3302; x_wconf 86' lang='lat' dir='ltr'><strong>quater-</strong></span> 
     </span>
     <span class='ocr_line' id='line_1_26' title="bbox 255 3327 1289 3414; baseline 0.004 -26"><span class='ocrx_word' id='word_1_190' title='bbox 255 3371 260 3380; x_wconf 83' lang='lat'><em>.</em></span> <span class='ocrx_word' id='word_1_191' title='bbox 282 3329 392 3391; x_wconf 90' lang='lat' dir='ltr'><strong>niones</strong></span> <span class='ocrx_word' id='word_1_192' title='bbox 414 3327 644 3414; x_wconf 84' lang='lat' dir='ltr'><strong>delige-rentur,</strong></span> <span class='ocrx_word' id='word_1_193' title='bbox 664 3330 718 3412; x_wconf 90' lang='lat' dir='ltr'><strong>qui</strong></span> <span class='ocrx_word' id='word_1_194' title='bbox 740 3330 900 3392; x_wconf 83' lang='lat' dir='ltr'><strong>custodiae</strong></span> <span class='ocrx_word' id='word_1_195' title='bbox 922 3327 1058 3391; x_wconf 87' lang='lat' dir='ltr'><strong>hominis</strong></span> <span class='ocrx_word' id='word_1_196' title='bbox 1076 3329 1289 3412; x_wconf 78' lang='lat' dir='ltr'><strong>praeficeren-</strong></span> 
     </span>
     <span class='ocr_line' id='line_1_27' title="bbox 176 3424 1290 3526; baseline 0.004 -26"><span class='ocrx_word' id='word_1_197' title='bbox 176 3430 183 3444; x_wconf 73' lang='grc'><strong><em>’</em></strong></span> <span class='ocrx_word' id='word_1_198' title='bbox 282 3424 340 3504; x_wconf 83' lang='lat' dir='ltr'><strong>tar.</strong></span> <span class='ocrx_word' id='word_1_199' title='bbox 363 3437 438 3502; x_wconf 84' lang='lat' dir='ltr'><strong>Vid.</strong></span> <span class='ocrx_word' id='word_1_200' title='bbox 466 3441 614 3526; x_wconf 82' lang='lat' dir='ltr'><strong>Wciehii</strong></span> <span class='ocrx_word' id='word_1_201' title='bbox 634 3443 712 3503; x_wconf 80' lang='lat' dir='ltr'><strong>diss.</strong></span> <span class='ocrx_word' id='word_1_202' title='bbox 727 3445 768 3502; x_wconf 83' lang='lat' dir='ltr'><strong>tie</strong></span> <span class='ocrx_word' id='word_1_203' title='bbox 785 3442 930 3502; x_wconf 63' lang='lat' dir='ltr'><strong>‘uinculis</strong></span> <span class='ocrx_word' id='word_1_204' title='bbox 951 3439 1046 3501; x_wconf 82' lang='lat' dir='ltr'><strong>Petri</strong></span> <span class='ocrx_word' id='word_1_205' title='bbox 1066 3451 1125 3500; x_wconf 88' lang='lat' dir='ltr'><strong>etc.</strong></span> <span class='ocrx_word' id='word_1_206' title='bbox 1148 3442 1290 3504; x_wconf 75' lang='lat' dir='ltr'><strong>Fischer</strong></span> 
     </span>
     <span class='ocr_line' id='line_1_28' title="bbox 283 3545 1290 3634; baseline 0.005 -27"><span class='ocrx_word' id='word_1_207' title='bbox 283 3547 322 3610; x_wconf 86' lang='lat' dir='ltr'><strong>de</strong></span> <span class='ocrx_word' id='word_1_208' title='bbox 344 3548 426 3609; x_wconf 85' lang='lat' dir='ltr'><strong>vitiis</strong></span> <span class='ocrx_word' id='word_1_209' title='bbox 444 3545 588 3611; x_wconf 85' lang='lat' dir='ltr'><strong>Lexieor.</strong></span> <span class='ocrx_word' id='word_1_210' title='bbox 610 3569 682 3632; x_wconf 81' lang='lat' dir='ltr'>pag.</span> <span class='ocrx_word' id='word_1_211' title='bbox 704 3555 773 3618; x_wconf 72' lang='lat'><strong>432·</strong></span> <span class='ocrx_word' id='word_1_212' title='bbox 795 3549 975 3626; x_wconf 72' lang='grc' dir='ltr'><strong>ιῖναγιιγιΐν,</strong></span> <span class='ocrx_word' id='word_1_213' title='bbox 997 3561 1030 3611; x_wconf 87' lang='lat' dir='ltr'><strong>et</strong></span> <span class='ocrx_word' id='word_1_214' title='bbox 1048 3569 1120 3610; x_wconf 86' lang='lat' dir='ltr'><strong>mox</strong></span> <span class='ocrx_word' id='word_1_215' title='bbox 1139 3546 1290 3634; x_wconf 67' lang='grc' dir='ltr'><strong>προάγειν</strong></span> 
     </span>
     <span class='ocr_line' id='line_1_29' title="bbox 283 3656 1289 3742; baseline -0.001 -21"><span class='ocrx_word' id='word_1_216' title='bbox 283 3671 331 3721; x_wconf 87' lang='lat' dir='ltr'><strong>est</strong></span> <span class='ocrx_word' id='word_1_217' title='bbox 356 3661 544 3741; x_wconf 81' lang='lat' dir='ltr'><strong>producere</strong></span> <span class='ocrx_word' id='word_1_218' title='bbox 572 3659 707 3742; x_wconf 89' lang='lat' dir='ltr'><strong>aliquem</strong></span> <span class='ocrx_word' id='word_1_219' title='bbox 735 3671 881 3740; x_wconf 87' lang='lat' dir='ltr'><strong>tauquam</strong></span> <span class='ocrx_word' id='word_1_220' title='bbox 908 3677 1014 3730; x_wconf 91' lang='lat' dir='ltr'><strong>reum,</strong></span> <span class='ocrx_word' id='word_1_221' title='bbox 1042 3656 1158 3741; x_wconf 88' lang='lat' dir='ltr'><strong>partim</strong></span> <span class='ocrx_word' id='word_1_222' title='bbox 1187 3671 1226 3730; x_wconf 78' lang='lat' dir='ltr'><strong>ut</strong></span> <span class='ocrx_word' id='word_1_223' title='bbox 1246 3657 1289 3720; x_wconf 81' lang='lat' dir='ltr'><strong>cd</strong></span> 
     </span>
     <span class='ocr_line' id='line_1_30' title="bbox 269 3767 1056 3853; baseline 0 -21"><span class='ocrx_word' id='word_1_224' title='bbox 269 3767 415 3832; x_wconf 68' lang='lat' dir='ltr'><strong>¹crimino</strong></span> <span class='ocrx_word' id='word_1_225' title='bbox 436 3767 639 3852; x_wconf 87' lang='lat' dir='ltr'><strong>respondeat,</strong></span> <span class='ocrx_word' id='word_1_226' title='bbox 657 3769 771 3853; x_wconf 88' lang='lat' dir='ltr'><strong>partim</strong></span> <span class='ocrx_word' id='word_1_227' title='bbox 792 3780 826 3828; x_wconf 88' lang='lat' dir='ltr'><strong>ut</strong></span> <span class='ocrx_word' id='word_1_228' title='bbox 842 3786 962 3850; x_wconf 85' lang='lat' dir='ltr'><strong>poenas</strong></span> <span class='ocrx_word' id='word_1_229' title='bbox 980 3767 1056 3832; x_wconf 89' lang='lat' dir='ltr'><strong>luat.</strong></span> 
     </span>
    </p>
   </div>
   <div class='ocr_carea' id='block_1_10' title="bbox 282 3929 1291 4128">
    <p class='ocr_par' dir='ltr' id='par_1_10' title="bbox 282 3929 1291 4128">
     <span class='ocr_line' id='line_1_31' title="bbox 364 3929 1291 4022; baseline -0.006 -17"><span class='ocrx_word' id='word_1_230' title='bbox 364 3951 393 4005; x_wconf 79' lang='lat' dir='ltr'><strong>s·</strong></span> <span class='ocrx_word' id='word_1_231' title='bbox 415 3931 832 4022; x_wconf 70' lang='grc' dir='ltr'><strong>Προσευχῆ-ἐιιιιλησίιις)</strong></span> <span class='ocrx_word' id='word_1_232' title='bbox 858 3936 1027 3998; x_wconf 78' lang='lat' dir='ltr'><strong>Assiduae</strong></span> <span class='ocrx_word' id='word_1_233' title='bbox 1046 3954 1163 4015; x_wconf 79' lang='lat' dir='ltr'><strong>preces</strong></span> <span class='ocrx_word' id='word_1_234' title='bbox 1173 3929 1291 4018; x_wconf 84' lang='lat' dir='ltr'><strong>fusce</strong></span> 
     </span>
     <span class='ocr_line' id='line_1_32' title="bbox 282 4038 1290 4128; baseline 0.003 -21"><span class='ocrx_word' id='word_1_235' title='bbox 282 4053 364 4110; x_wconf 80' lang='lat' dir='ltr'><strong>sunt</strong></span> <span class='ocrx_word' id='word_1_236' title='bbox 385 4065 408 4108; x_wconf 86' lang='lat' dir='ltr'><strong>c</strong></span> <span class='ocrx_word' id='word_1_237' title='bbox 428 4054 527 4110; x_wconf 82' lang='lat' dir='ltr'><strong>coetu</strong></span> <span class='ocrx_word' id='word_1_238' title='bbox 554 4047 759 4112; x_wconf 75' lang='lat' dir='ltr'><strong>Christiano.</strong></span> <span class='ocrx_word' id='word_1_239' title='bbox 779 4038 940 4128; x_wconf 68' lang='grc' dir='ltr'><strong>Ἐκιινιὶς.</strong></span> <span class='ocrx_word' id='word_1_240' title='bbox 968 4051 1148 4120; x_wconf 81' lang='lat' dir='ltr'><strong>extensus,</strong></span> <span class='ocrx_word' id='word_1_241' title='bbox 1176 4049 1290 4110; x_wconf 83' lang='lat' dir='ltr'><strong>inten-</strong></span> 
     </span>
    </p>
   </div>
   <div class='ocr_carea' id='block_1_11' title="bbox 0 0 1348 4776">
    <p class='ocr_par' dir='ltr' id='par_1_11' title="bbox 0 0 1348 4776">
     <span class='ocr_line' id='line_1_33' title="bbox 0 0 1348 4776; baseline 0 0"><span class='ocrx_word' id='word_1_242' title='bbox 0 0 1348 4776; x_wconf 95' lang='lat' dir='ltr'><strong> </strong></span> 
     </span>
    </p>
   </div>
  </div>
 </body>
</html>
