2686 4776
191 379 198 389 ·
269 449 328 514 ets
686 430 872 499 scttohtlt
934 380 938 392 ⁴

352 623 402 686 lt.
417 612 493 682 'Ore
515 609 607 682 odric
626 647 657 660 ··
675 615 812 698 νεκρῶν)
834 612 854 672 i.
870 631 897 673 e.
914 609 1035 694 quoda
1055 607 1125 670 Deo
1147 607 1188 669 ait
1205 627 1298 688 oon·

157 789 159 792 .
271 727 395 791 stitutus
418 721 556 788 omnium
578 713 757 794 hominum,
785 740 868 782 nuno
888 711 1078 792 viventium,
1106 728 1139 780 et
1165 737 1295 779 eorum

271 836 326 920 qui
347 833 423 897 olim
443 829 589 893 interris
609 829 771 904 vixerunt,
791 828 883 890 iudex
903 842 935 891 st
953 827 1117 902 dominus,
1137 828 1297 910 proemia

195 945 197 961 “
272 959 304 1009 et
323 961 441 1030 poenas
455 940 530 1003 olim
544 937 776 1001 distributurus.
804 939 928 1002 Nomen
942 935 1046 1025 -κριτῆς
1067 937 1098 996 h.
1114 936 1294 999 homnem

270 1054 405 1142 gloriam
428 1047 545 1114 Christi
565 1046 793 1132 syheedoehics
814 1049 978 1130 exprimit,
1005 1045 1209 1133 fideliumque
1233 1068 1294 1108 rs·

271 1179 388 1248 speetu,
405 1158 587 1232 coronidem
610 1157 737 1221 denotat
758 1143 984 1222 beneficiorum
1005 1155 1141 1234 Christi,
1161 1157 1291 1226 2'l'im.

270 1274 327 1351 lV,
351 1288 378 1344 ε.
403 1270 475 1338 ooll.
496 1267 594 1334 Hebr.
616 1265 690 1344 Xll,
712 1282 759 1338 25.

302 1467 304 1472 Ι
352 1496 402 1561 dd·
424 1487 814 1576 Tetirp-poeprvperihrv)
839 1489 894 1550 De
914 1487 979 1550 hoc
997 1507 1114 1550 omnes
1128 1486 1292 1567 Prophe·

271 1614 328 1668 tae
349 1604 491 1673 docent,
511 1617 572 1677 per
593 1613 671 1659 eum
693 1617 809 1660 ornnes
830 1600 866 1659 in
890 1593 963 1658 eum
984 1597 1175 1667 credentes,
1202 1617 1291 1675 pec·

199 1725 203 1745 ¹
273 1684 436 1780 cetorum
447 1711 584 1770 veniam
599 1711 840 1768 consecuturos
852 1724 930 1768 esse.
963 1699 1105 1778 O'mner,
1123 1703 1145 1766 i.
1160 1723 1188 1788 a.
1210 1703 1291 1787 plu-

270 1821 344 1886 rimi
372 1815 601 1901 Prophetarum
630 1814 669 1876 de
700 1833 738 1876 eo
765 1826 926 1875 testentur.
968 1793 1024 1874 Sio
1049 1811 1132 1874 enim
1161 1805 1289 1883 rriv'rrc

169 1921 174 1930 ’
271 1949 365 2016 saepe
380 1911 548 2009 sr'raipsa
564 1937 612 1988 ert
628 1923 820 1987 sumendum.
840 1922 1002 1986 Pertiueut
1015 1921 1077 2024 huo
1091 1942 1200 1984 omnes
1214 1923 1288 1988 loci

268 2016 310 2107 V.
324 2039 362 2102 ‘lh
381 2039 439 2102 uhi
459 2034 639 2120 Prophetae
654 2035 825 2119 loquuntur
837 2033 876 2096 de
890 2027 1018 2096 foedare
1038 2053 1140 2110 noro,
1161 2033 1196 2094 io
1215 2055 1289 2118 quo

222 2194 224 2212 .
268 2145 383 2230 olorem
397 2123 771 2231 dpeprroiifutursmesse
786 2143 902 2206 dieunt.
920 2143 1093 2228 Prophetas
1103 2142 1143 2204 N.
1151 2141 1188 2206 Τ.
1198 2165 1289 2206 non·

266 2243 348 2322 nulli
369 2257 565 2344 intelligunt,
592 2256 614 2318 i.
637 2277 665 2320 e.
680 2253 850 2342 Apostolos
871 2253 1004 2316 et·alios
1025 2244 1172 2316 ddotores
1194 2255 1287 2317 eleri-

269 2367 405 2444 reiorum
429 2366 497 2430 sirie
517 2379 651 2454 urgente
673 2365 876 2440 necestitate,
897 2363 1023 2444 etmihi
1043 2362 1170 2446 quidem
1193 2364 1287 2428 vide·

269 2481 332 2543 tur.
356 2473 493 2558 Ἀφεσις
513 2475 669 2560 οἶμαρτιιόν
690 2475 744 2536 hio
764 2473 892 2558 ponitur
912 2493 971 2556 pro
992 2472 1136 2536 omnibus
1156 2469 1285 2538 Christi

223 2625 228 2636 ι
267 2581 451 2665 benefieiis,
472 2579 605 2670 quorir'm
627 2583 703 2647 hseo
720 2596 767 2646 est
779 2595 873 2667 eaput
889 2581 975 2665 quasi
991 2595 1023 2646 et
1036 2603 1165 2645 summa.
1185 2583 1286 2670 Ergo

269 2713 380 2760 musra
400 2709 464 2771 est,
486 2695 660 2780 Prophetas
679 2695 887 2782 praedixisse,
909 2693 1058 2756 Moesiam
1078 2693 1285 2760 redditurum

206 2784 210 2798 ι
269 2825 339 2868 esse
361 2805 469 2867 felices
489 2827 598 2893 omnes
619 2827 690 2882 eos,
720 2804 862 2888 quiseius
883 2803 1070 2890 religionem
1099 2807 1286 2889 suscepturi

203 2966 206 2974 ,
269 2928 382 2978 essent.
402 2916 656 2981 Echermonnus
676 2913 848 3000 (Theolog.
864 2913 961 2978 Bsitr.
977 2911 1113 2978 Partieul
1144 2915 1182 2998 ll.
1199 2935 1284 3004 pag.

270 3035 339 3094 139.
362 3029 426 3108 sq.)
447 3045 514 3086 eam
536 3020 798 3112 significationem
813 3024 902 3085 serbi
922 3034 1103 3110 μαρτυρεῖν,
1127 3047 1200 3090 eum
1214 3026 1287 3090 Da·

269 3133 335 3196 tiro
356 3133 732 3226 eonatruoti‚-praelert,
763 3131 825 3216 qiua
846 3133 929 3196 idem
950 3145 998 3196 est
1018 3156 1054 3198 so
1075 3139 1221 3226 ipudore
1246 3148 1285 3200 et

222 3293 226 3300 ,
267 3249 528 3328 commendare,
553 3253 715 3327 probare,
744 3255 780 3306 ut
804 3243 885 3306 Luo.
914 3242 969 3321 lV,
998 3261 1045 3314 22.
1071 3245 1114 3306 Io.
1146 3243 1197 3320 lll,
1227 3259 1283 3316 26.

268 3349 349 3419 Luo.
376 3352 436 3430 Xl,
460 3363 518 3432 ils,
536 3367 571 3418 ut
598 3373 708 3417 seusus
735 3355 791 3416 sit:
817 3354 992 3417 doctrinam
1021 3353 1060 3417 da
1087 3355 1282 3436 remissione

184 3441 188 3455 ¹
267 3476 488 3548 peecatorum,
506 3486 566 3548 per
578 3462 679 3555 lesum
694 3463 912 3548 adipiscenda,
934 3463 1112 3527 consentire
1131 3485 1204 3526 oum
1222 3463 1284 3530 do·

267 3573 370 3638 otrioa
390 3587 531 3637 setarum
552 3573 796 3656 Prophetarum,
817 3586 910 3656 atque
932 3573 971 3636 ah
991 3569 1030 3636 iis
1043 3574 1161 3637 dudum
1178 3572 1283 3638 firiaae

267 3684 432 3770 probatam
454 3699 486 3749 at
506 3684 762 3752 commendatam.
789 3681 840 3746 Ps.
860 3683 933 3760 XL,
955 3700 1027 3754 7-
1040 3702 1070 3756 9.
1090 3684 1130 3760 L,
1153 3697 1282 3754 8-15,

267 3793 326 3857 lea.
344 3797 428 3872 l,1o.
449 3809 497 3867 1't·
521 3793 636 3858 Erech.
653 3793 771 3867 Xl'lll,
787 3805 834 3862 21.
851 3809 899 3860 22.
923 3793 1012 3857 Hono
1032 3793 1278 3877 explicationem
1326 3829 1330 3838 ·

267 3906 465 3969 commendat
486 3907 742 3981 Heinrichsiua,
764 3905 819 3988 qui
832 3918 992 3988 praeterae
1005 3905 1111 3968 addite
1125 3904 1277 3990 »Quodsi

267 4014 301 4076 in
325 4015 424 4080 verbo
445 3993 616 4103 pripropsl'u
631 4016 728 4080 solam
748 4011 954 4090 testificandi,
975 4011 1123 4078 laudradi
1140 4013 1204 4076 rim
1228 4015 1280 4077 irr-
