2692 4766
213 411 281 520 ¹4.
372 424 375 432 ’
644 451 828 530 senona

233 629 463 733 *Apostolorum
496 629 738 705 Valentiniani,
771 636 1015 723 Marcion‘ffam
1049 626 1240 706 Seueiiani,

218 737 274 800 'et
296 741 496 802 Manichaei
518 738 657 819 quidam,
678 754 714 803 ut
742 758 863 806 constet
885 764 922 806 ex
942 747 1084 806 Irenaeo
1113 763 1140 804 c.
1163 741 1244 824 ,bsc-

203 855 207 865 “
244 849 808 940 res.t11.2.et12.,Theodoretm
837 857 917 920 Hist.
941 853 1017 916 eccl.
1040 853 1061 918 l.
1085 867 1133 920 21.
1169 858 1243 919 etue

225 967 380 1044 .gustino
402 960 502 1042 Epist.
526 973 598 1037 251,
617 947 643 1020 ci
665 959 815 1022 Faustum
834 959 923 1023 XiX.
947 973 996 1026 51.
1038 961 1100 1025 Sed
1123 964 1154 1051 isi
1177 985 1243 1024 om-

119 1111 143 1138 ..
224 1093 300 1174 ¹nes
326 1069 504 1141 reiecerunt
530 1085 688 1155 actaeon
714 1090 751 1131 ex
777 1071 948 1132 rationibus
973 1069 1148 1146 historicis,
1185 1073 1243 1133 sed

153 1209 157 1221 ·
243 1182 315 1266 quis
336 1182 477 1264 ipsorum
497 1179 620 1264 pluoitis
642 1180 915 1242 transmontana.
967 1181 1121 1244 Gnostici
1144 1182 1240 1256 enim,

245 1295 351 1375 quales
373 1305 461 1353 erent
482 1276 693 1352 Valentiniani
715 1303 745 1350 et
766 1290 981 1366 Marcionitae,
1002 1291 1103 1354 Deum
1125 1293 1164 1354 V.
1182 1294 1244 1355 Ta-

244 1401 389 1465 atementi
408 1401 501 1461 alium
524 1419 590 1460 csse
614 1376 777 1470 dicebant..
800 1421 835 1460 ac
860 1407 898 1466 N.
917 1401 1106 1464 Testamenti
1125 1403 1240 1478 Deum,
1275 1461 1276 1464 ,

65 1547 72 1558 =
149 1547 152 1552 ,
245 1519 275 1574 ct
295 1513 406 1586 alium,
440 1533 501 1572 non
524 1523 664 1570 nostrum
687 1507 846 1572 Christum
869 1531 925 1594 per
945 1511 1117 1606 Prophetas
1140 1515 1179 1580 V.
1202 1515 1240 1576 Τ.

244 1621 433 1706 promissum
462 1640 529 1680 esse
561 1619 715 1678 dicebant.
771 1617 852 1681 Cum
878 1623 935 1684 huc
962 1636 1065 1685 autem
1089 1606 1265 1687 sententias
1328 1680 1340 1701 ,Χ

244 1733 341 1794 mults
366 1735 516 1794 Actorum
545 1729 615 1790 loca
642 1741 794 1810 puguant.
847 1729 921 1806 Atii,
956 1745 990 1793 ut
1012 1735 1188 1800 Senecioni
1209 1749 1242 1798 et

243 1839 446 1906 Ericratitae
474 1839 675 1902 vehementer
702 1838 859 1922 urgebant
885 1843 1101 1911 abstinentiam
1121 1867 1139 1909 a
1159 1847 1240 1908 cibis
1285 1906 1290 1918 ,

145 2001 152 2016 ,
244 1948 448 2034 quibusdam
477 1947 533 2009 ssd
553 1947 587 2008 in
609 1947 687 2010 actis
707 1949 857 2025 traditur,
870 1953 909 2014 ab
924 1919 1089 2038 iipostoiis
1109 1956 1241 2039 promis-

247 2063 338 2125 iuum
360 2059 504 2120 ciborum
526 2078 617 2118 usum
637 2039 823 2139 permisistis
846 2081 922 2125 aeas.
959 2068 1082 2130 Manes
1104 2065 1241 2150 denique

244 2169 353 2234 haberi
381 2165 479 2262 voluit
503 2185 563 2247 pro
592 2165 750 2246 paracleto
777 2169 842 2242 iilo,
866 2193 960 2255 quem
983 2175 1070 2238 lesus
1088 2178 1242 2258 promise·

244 2294 292 2344 rat
310 2276 479 2364 Apostolis.
519 2274 553 2338 In
574 2271 624 2335 his
644 2273 720 2336 actis
742 2289 844 2338 sutem
865 2263 1033 2356 narratur,
1047 2283 1239 2365 paracletum

245 2413 262 2454 a
288 2387 414 2452 Christo
441 2384 642 2470 promissum,
670 2383 822 2468 Spiritum
849 2383 1239 2458 &immanissimum

245 2499 381 2562 Caussse
408 2497 523 2582 igitur,
563 2515 621 2556 our
644 2496 785 2558 nonnulli
814 2495 897 2560 hunc
920 2499 1036 2562 librum
1060 2501 1238 2592 reiicerent,

245 2635 309 2676 non
335 2609 463 2673 fuerunt
489 2607 672 2681 historicae,
713 2605 767 2667 sed
793 2605 1012 2691 dogmaticae,
1030 2611 1104 2694 quia
1124 2631 1239 2696 nempe

245 2725 323 2786 baca
342 2719 472 2783 historia
493 2739 565 2781 cum
586 2716 709 2800 placitis
727 2735 836 2777 eorum
856 2737 920 2780 non
941 2721 1144 2806 congruebat
1181 2720 1239 2784 ca.

234 2850 347 2906 ‘tarum
368 2832 466 2894 msior
484 2807 557 2914 pars
578 2847 699 2900 eornm,
719 2847 796 2910 quae
817 2827 869 2888 hic
889 2842 1061 2908 narrantur,
1082 2845 1154 2918 sunt
1172 2845 1239 2896 sata

207 2973 213 2994 ι
247 2943 351 3020 Pauli;
394 2941 483 3004 cuius
511 2941 559 3002 rei
586 2958 692 3001 caussa
720 2915 1239 3024 est,(1itrectcChrysostomus
1287 3007 1293 3017 ,

132 3119 135 3128 ,
248 3055 421 3136 observat)
451 3050 536 3135 quod
554 3029 655 3110 Lucas
676 3047 847 3132 discipulus
869 3064 899 3112 et
924 3053 1026 3116 cultor
1053 3055 1141 3118 Pauli
1169 3055 1238 3134 fuit,

248 3187 342 3249 quem
362 3163 395 3224 in
415 3163 521 3224 multis
551 3159 715 3221 itineribus
746 3159 910 3224 comitatus
942 3177 997 3226 est.
1048 3163 1162 3228 Omnia
1180 3187 1241 3246 ,an-

247 3290 321 3349 tem,
342 3293 423 3357 quas
445 3269 538 3332 tradit
560 3269 672 3348 Lucas,
702 3271 752 3362 vel
771 3271 811 3332 sb
832 3271 900 3335 aliis
923 3275 1140 3350 monumentis,
1163 3295 1239 3358 quas
1330 3293 1331 3304 ¹

248 3386 348 3449 literis
369 3385 430 3446 iam
452 3383 593 3444 mandata
614 3395 711 3455 erant,
733 3395 889 3446 mutuatus
910 3395 967 3460 est,
989 3387 1036 3446 rel
1058 3405 1095 3448 cx
1114 3407 1170 3448 ora
1186 3385 1240 3448 ali·

249 3489 349 3572 orum,
368 3494 564 3578 potissimum
586 3491 685 3566 Pauli,
708 3507 839 3568 enarrat,
861 3492 909 3554 rel
930 3513 964 3554 es
990 3507 1141 3570 recenset,
1161 3493 1240 3577 quaa
1308 3505 1315 3517 ¹

222 3597 224 3602 ⁵
250 3604 420 3689 conspexit,
440 3604 616 3686 quibusque
636 3597 778 3668 interfuit
797 3601 875 3683 ipsc.
916 3599 1062 3664 Extitisse
1089 3605 1150 3668 ism
1171 3619 1240 3668 aute

249 3717 368 3779 Lucam
397 3727 596 3776 monumenta
624 3709 663 3774 ds
688 3712 727 3774 iis
751 3732 831 3794 quse
851 3725 924 3795 post
942 3709 1060 3776 Christi
1082 3709 1142 3776 fata
1162 3715 1240 3778 acci·

251 3825 373 3900 derunt,
394 3824 509 3886 chartis
528 3823 687 3906 inscripta,
708 3821 806 3884 dubio
824 3835 921 3883 caret,
968 3821 1087 3886 Multos
1108 3824 1169 3888 ism
1189 3847 1241 3914 sg-

112 3954 115 3965 ’
147 3965 149 3972 ·
252 3953 378 4021 grossos
412 3953 479 3996 esse
505 3952 670 3997 recensum
700 3929 776 3992 dare
803 3925 955 3992 factorum
982 3931 1032 3994 rei
1057 3932 1240 4000 christianas

250 4041 518 4120 memorabilium,
563 4041 651 4108 testis
677 4055 725 4104 est
750 4041 819 4124 ipss
847 4039 949 4104 Lucas
975 4041 1009 4104 in
1031 4041 1185 4130 Prologo¹
1202 4043 1239 4112 sd
